@article{Chatzigeorgiou16,
  author    = {Ioannis Chatzigeorgiou},
  title     = {Bounds on the Lambert function and their application to the outage
               analysis of user cooperation},
  journal   = {CoRR},
  volume    = {abs/1601.04895},
  year      = {2016}
}

@inproceedings{DominguesMPKV21,
  author    = {Omar Darwiche Domingues and
               Pierre M{\'{e}}nard and
               Matteo Pirotta and
               Emilie Kaufmann and
               Michal Valko},
  title     = {Kernel-Based Reinforcement Learning: {A} Finite-Time Analysis},
  booktitle = {{ICML}},
  series    = {Proceedings of Machine Learning Research},
  volume    = {139},
  pages     = {2783--2792},
  publisher = {{PMLR}},
  year      = {2021}
}